<record><leader>00000cas a22000007a 4500</leader><controlfield tag="001">10454794</controlfield><controlfield tag="008">840224d18691944ncucr ne      0    0eng d</controlfield><datafield ind1=" " ind2=" " tag="010"><subfield code="a">sn 84026473 </subfield></datafield><datafield ind1=" " ind2=" " tag="040"><subfield code="a">NPU</subfield><subfield code="b">eng</subfield><subfield code="c">NPU</subfield><subfield code="d">DLC</subfield><subfield code="d">NPX</subfield><subfield code="d">NVJ</subfield><subfield code="d">FUG</subfield><subfield code="d">NVJ</subfield><subfield code="d">OCLCQ</subfield><subfield code="d">OCLCF</subfield><subfield code="d">OCLCO</subfield></datafield><datafield ind1=" " ind2=" " tag="042"><subfield code="a">msc</subfield></datafield><datafield ind1="0" ind2="0" tag="050"><subfield code="a">Newspaper 9137-X</subfield></datafield><datafield ind1="0" ind2=" " tag="130"><subfield code="a">Greensboro patriot (Greensboro, N.C. : 1869)</subfield></datafield><datafield ind1="0" ind2="4" tag="245"><subfield code="a">The Greensboro patriot.</subfield></datafield><datafield ind1=" " ind2=" " tag="260"><subfield code="a">Greensboro, N.C. :</subfield><subfield code="b">J.W. Albright</subfield></datafield><datafield ind1=" " ind2=" " tag="300"><subfield code="a">v. ;</subfield><subfield code="c">66 cm.</subfield></datafield><datafield ind1=" " ind2=" " tag="310"><subfield code="a">Weekly,</subfield><subfield code="b">Jan. 9, 1941-June 15, 1944</subfield></datafield><datafield ind1=" " ind2=" " tag="321"><subfield code="a">Weekly,</subfield><subfield code="b">Feb. 5, 1869-Dec. 25, 1913</subfield></datafield><datafield ind1=" " ind2=" " tag="321"><subfield code="a">Semiweekly,</subfield><subfield code="b">Jan. 5, 1914-Jan. 2, 1941</subfield></datafield><datafield ind1="0" ind2=" " tag="362"><subfield code="a">New ser., no. 52 (Feb. 5, 1869)-</subfield></datafield><datafield ind1="1" ind2=" " tag="362"><subfield code="a">Ceased in 1944.</subfield></datafield><datafield ind1=" " ind2=" " tag="580"><subfield code="a">Daily eds.: Greensboro patriot (Greensboro, N.C. : 1880 : Daily), 1880-&lt;1881&gt;, and: Daily patriot (Greensboro, N.C.), &lt;1882-1883&gt;, and: The daily evening patriot, &lt;1888-1890&gt;.</subfield></datafield><datafield ind1=" " ind2=" " tag="500"><subfield code="a">Democratic.</subfield></datafield><datafield ind1=" " ind2=" " tag="500"><subfield code="a">Vol. numbering irregular.</subfield></datafield><datafield ind1=" " ind2="0" tag="651"><subfield code="a">Greensboro (N.C.)</subfield><subfield code="v">Newspapers.</subfield></datafield><datafield ind1=" " ind2="0" tag="651"><subfield code="a">Guilford County (N.C.)</subfield><subfield code="v">Newspapers.</subfield></datafield><datafield ind1=" " ind2="7" tag="655"><subfield code="a">Newspapers.</subfield><subfield code="2">fast</subfield><subfield code="0">(OCoLC)fst01423814</subfield></datafield><datafield ind1=" " ind2="7" tag="651"><subfield code="a">North Carolina</subfield><subfield code="z">Greensboro.</subfield><subfield code="2">fast</subfield><subfield code="0">(OCoLC)fst01205296</subfield></datafield><datafield ind1=" " ind2="7" tag="651"><subfield code="a">North Carolina</subfield><subfield code="z">Guilford County.</subfield><subfield code="2">fast</subfield><subfield code="0">(OCoLC)fst01205338</subfield></datafield><datafield ind1=" " ind2=" " tag="752"><subfield code="a">United States</subfield><subfield code="b">North Carolina</subfield><subfield code="c">Guilford</subfield><subfield code="d">Greensboro.</subfield></datafield><datafield ind1="1" ind2=" " tag="775"><subfield code="t">Greensboro patriot (Greensboro, N.C. : 1880 : Daily)</subfield><subfield code="w">(DLC)sn 85042045</subfield></datafield><datafield ind1="1" ind2=" " tag="775"><subfield code="t">Daily patriot (Greensboro, N.C.)</subfield><subfield code="w">(DLC)sn 91068365</subfield></datafield><datafield ind1="1" ind2=" " tag="775"><subfield code="t">Daily evening patriot</subfield><subfield code="w">(DLC)sn 91068364</subfield></datafield><datafield ind1="0" ind2="0" tag="780"><subfield code="t">Patriot and times</subfield><subfield code="w">(DLC)sn 91068360</subfield></datafield><datafield ind1="0" ind2="0" tag="785"><subfield code="t">Patriot (Greensboro, N.C. : 1944)</subfield><subfield code="w">(DLC)sn 91068361</subfield></datafield></record>